@ELECTRONIC{halfaker16monthly,
  author = {Halfaker, Aaron and Sarabadani, Amir},
  year = {2016},
  title = {Monthly {W}ikipedia article quality predictions.},
  howpublished = {\url{https://doi.org/10.6084/m9.figshare.3859800.v3}},
  doi = {10.6084/m9.figshare.3859800.v3},
  owner = {figshare},
}
@misc{giles05internet,
  title={Internet encyclopaedias go head to head},
  author={Giles, Jim},
  year={2005},
  publisher={Nature Publishing Group}
}
@article{mesgari15sum,
  title={``{T}he sum of all human knowledge'': A systematic review of scholarly research on the content of {W}ikipedia},
  author={Mesgari, Mostafa and Okoli, Chitu and Mehdi, Mohamad and Nielsen, Finn {\AA}rup and Lanam{\"a}ki, Arto},
  journal={Journal of the Association for Information Science and Technology},
  volume={66},
  number={2},
  pages={219--245},
  year={2015},
  publisher={Wiley Online Library}
}
@inproceedings{lam11clubhouse,
  title={WP: clubhouse?: an exploration of {W}ikipedia's gender imbalance},
  author={Lam, Shyong Tony K and Uduwage, Anuradha and Dong, Zhenhua and Sen, Shilad and Musicant, David R and Terveen, Loren and Riedl, John},
  booktitle={WikiSym},
  pages={1--10},
  year={2011},
  organization={ACM}
}
@article{reagle11gender,
  title={Gender bias in {W}ikipedia and {B}ritannica},
  author={Reagle, Joseph and Rhue, Lauren},
  journal={International Journal of Communication},
  volume={5},
  pages={21},
  year={2011}
}
@inproceedings{hecht09measuring,
  title={Measuring self-focus bias in community-maintained knowledge repositories},
  author={Hecht, Brent and Gergle, Darren},
  booktitle={Communities and technologies},
  pages={11--20},
  year={2009},
  organization={ACM}
}
@inproceedings{johnson16home,
  title={Not at home on the range: {P}eer production and the urban/rural divide},
  author={Johnson, Isaac L and Lin, Yilun and Li, Toby Jia-Jun and Hall, Andrew and Halfaker, Aaron and Sch{\"o}ning, Johannes and Hecht, Brent},
  booktitle={CHI},
  pages={13--25},
  year={2016},
  organization={ACM}
}
@article{graham14uneven,
  title={Uneven geographies of user-generated information: patterns of increasing informational poverty},
  author={Graham, Mark and Hogan, Bernie and Straumann, Ralph K and Medhat, Ahmed},
  journal={Annals of the Association of American Geographers},
  volume={104},
  number={4},
  pages={746--764},
  year={2014},
  publisher={Taylor \& Francis}
}
@inproceedings{kittur09what,
  title={What's in {W}ikipedia?: mapping topics and conflict using socially annotated category structure},
  author={Kittur, Aniket and Chi, Ed H and Suh, Bongwon},
  booktitle={CHI},
  pages={1509--1512},
  year={2009},
  organization={ACM}
}
@inproceedings{kittur08harnessing,
  title={Harnessing the wisdom of crowds in {W}ikipedia: {Q}uality through coordination},
  author={Kittur, Aniket and Kraut, Robert E},
  booktitle={CSCW},
  pages={37--46},
  year={2008},
  organization={ACM}
}
@inproceedings{arazy10determinants,
  title={Determinants of {W}ikipedia quality: {T}he roles of global and local contribution inequality},
  author={Arazy, Ofer and Nov, Oded},
  booktitle={CSCW},
  pages={233--236},
  year={2010},
  organization={ACM}
}
@inproceedings{wang13tell,
  title={Tell me more: {A}n actionable quality model for {W}ikipedia},
  author={Warncke-Wang, Morten and Cosley, Dan and Riedl, John},
  booktitle={OpemSym},
  pages={8},
  year={2013},
  organization={ACM}
}
@inproceedings{stvilia05assessing,
  title={Assessing Information Quality of a Community-Based Encyclopedia.},
  author={Stvilia, Besiki and Twidale, Michael B and Smith, Linda C and Gasser, Les},
  booktitle={IQ},
  year={2005}
}
@inproceedings{wang15success,
  title={The success and failure of quality improvement projects in peer production communities},
  author={Warncke-Wang, Morten and Ayukaev, Vladislav R and Hecht, Brent and Terveen, Loren G},
  booktitle={CSCW},
  pages={743--756},
  year={2015},
  organization={ACM}
}
@ELECTRONIC{ross2016visualizaing,
  author = {Ross, Sage},
  year = {2016},
  editor = {{WikiEdu Foundation}},
  title = {Visualizing Article History with Structure Completeness},
  howpublished = {\url{https://wikiedu.org/blog/2016/09/16/visualizing-article-history-with-structural-completeness/}},
  note = {Accessed: 2017-04-17}
}
@ELECTRONIC{emijrp17all,
  author = {Emijrp},
  year = {2016},
  editor = {{Wikipedia}},
  title = { All Human Knowledge},
  howpublished = {\url{https://en.wikipedia.org/wiki/User:Emijrp/All_human_knowledge}},
  note = {Accessed: 2017-04-17}
}
@ELECTRONIC{wang15english,
  author = {Warncke-Wang, Morten},
  year = {2015},
  title = {English {W}ikipedia Quality Asssessment Dataset},
  howpublished = {\url{https://doi.org/10.6084/m9.figshare.1375406.v1}},
  doi = {10.6084/m9.figshare.1375406.v1},
  owner = {figshare},
}
@inproceedings{geiger10work,
  title={The work of sustaining order in {W}ikipedia: {T}he banning of a vandal},
  author={Geiger, R Stuart and Ribes, David},
  booktitle={CSCW},
  pages={117--126},
  year={2010},
  organization={ACM}
}
@inproceedings{priedhorsky07creating,
  title={Creating, destroying, and restoring value in {W}ikipedia},
  author={Priedhorsky, Reid and Chen, Jilin and Lam, Shyong Tony K and Panciera, Katherine and Terveen, Loren and Riedl, John},
  booktitle={GROUP},
  pages={259--268},
  year={2007},
  organization={ACM}
}
@article{stvilia08information,
  title={Information quality work organization in {W}ikipedia},
  author={Stvilia, Besiki and Twidale, Michael B and Smith, Linda C and Gasser, Les},
  journal={Journal of the Association for Information Science and Technology},
  volume={59},
  number={6},
  pages={983--1001},
  year={2008},
  publisher={Wiley Online Library}
}
@ELECTRONIC{change13emily,
  author = {Change, Rita},
  year = {2013},
  editor = {{Wikimedia}},
  title = {Emily Temple-Wood: {A} cool {W}ikipedian on a big mission},
  howpublished = {\url{https://en.wikipedia.org/wiki/User:Emijrp/All_human_knowledge}},
  note = {Accessed: 2017-04-19}
}
@ELECTRONIC{womenscientist_stats,
  year = {2017},
  editor = {{Wikipedia}},
  title = {Women scientists {WP} 1.0 bot statistics},
  howpublished = {\url{https://en.wikipedia.org/wiki/User:WP_1.0_bot/Tables/Project/Women_scientists}},
  note = {Accessed: 2017-04-19}
}
@ELECTRONIC{wikipedia1.0stats,
  year = {2017},
  editor = {{Wikipedia}},
  title = {Wikipedia {WP} 1.0 bot statistics},
  howpublished = {\url{https://en.wikipedia.org/wiki/Wikipedia:Version_1.0_Editorial_Team/Statistics}},
  note = {Accessed: 2017-04-19}
}
